<record><leader>00856cam a2200241 a 4500</leader><controlfield tag="001">1311525</controlfield><controlfield tag="008">900813s1985    at                1 eng c</controlfield><datafield ind1=" " ind2=" " tag="020"><subfield code="a">0949206016</subfield></datafield><datafield ind1=" " ind2=" " tag="035"><subfield code="a">ocm17930927</subfield></datafield><datafield ind1=" " ind2=" " tag="040"><subfield code="b">eng</subfield></datafield><datafield ind1=" " ind2=" " tag="049"><subfield code="a">AEU</subfield><subfield code="b">eng</subfield></datafield><datafield ind1=" " ind2="3" tag="055"><subfield code="a">PR 9619.3 C35</subfield><subfield code="b">L742 1985</subfield></datafield><datafield ind1="0" ind2=" " tag="090"><subfield code="a">PR 9619.3 C35 L742 1985</subfield></datafield><datafield ind1="1" ind2=" " tag="100"><subfield code="a">Campbell, Marion,</subfield><subfield code="d">1948-</subfield></datafield><datafield ind1="1" ind2="0" tag="245"><subfield code="a">Lines of flight :</subfield><subfield code="b">a novel /</subfield><subfield code="c">Marion Campbell.</subfield></datafield><datafield ind1=" " ind2=" " tag="260"><subfield code="a">Fremantle, W.A. :</subfield><subfield code="b">Fremantle Arts Centre Press,</subfield><subfield code="c">c1985.</subfield></datafield><datafield ind1=" " ind2=" " tag="300"><subfield code="a">291 p. ;</subfield><subfield code="c">20 cm.</subfield></datafield><datafield ind1=" " ind2=" " tag="336"><subfield code="a">text</subfield><subfield code="b">txt</subfield><subfield code="2">rdacontent</subfield></datafield><datafield ind1=" " ind2=" " tag="337"><subfield code="a">unmediated</subfield><subfield code="b">n</subfield><subfield code="2">rdamedia</subfield></datafield><datafield ind1=" " ind2=" " tag="338"><subfield code="a">volume</subfield><subfield code="b">nc</subfield><subfield code="2">rdacarrier</subfield></datafield><datafield ind1=" " ind2=" " tag="590"><subfield code="a">University of Alberta copy in the Professor William H. New Commonwealth Literature Collection.</subfield></datafield><datafield ind1=" " ind2=" " tag="596"><subfield code="a">38</subfield></datafield><datafield ind1=" " ind2=" " tag="926"><subfield code="a">PR 9619.3 C35 L742 1985</subfield><subfield code="w">LC</subfield><subfield code="c">1</subfield><subfield code="i">0162029455951</subfield><subfield code="l">ON_SHELF</subfield><subfield code="m">UABARD</subfield><subfield code="r">Y</subfield><subfield code="s">Y</subfield><subfield code="t">BOOK</subfield><subfield code="u">1/6/2011</subfield><subfield code="o">.STAFF. A0066897</subfield></datafield></record>